@article{fleury2010evaluation,
  title={Evaluation of thermal radiation models for fire spread between objects},
  author={Fleury, Rob},
  year={2010},
  publisher={University of Canterbury. Civil and Natural Resources Engineering}
}

@article{modak1977thermal,
  title={Thermal radiation from pool fires},
  author={Modak, Ashok T},
  journal={Combustion and Flame},
  volume={29},
  pages={177--192},
  year={1977},
  publisher={Elsevier}
}

@article{pedregosa2011scikit,
  title={Scikit-learn: Machine learning in Python},
  author={Pedregosa, Fabian and Varoquaux, Ga{\"e}l and Gramfort, Alexandre and Michel, Vincent and Thirion, Bertrand and Grisel, Olivier and Blondel, Mathieu and Prettenhofer, Peter and Weiss, Ron and Dubourg, Vincent and others},
  journal={Journal of machine learning research},
  volume={12},
  number={Oct},
  pages={2825--2830},
  year={2011}
}

@book{neal2012bayesian,
  title={Bayesian learning for neural networks},
  author={Neal, Radford M},
  volume={118},
  year={2012},
  publisher={Springer Science \& Business Media}
}

@inproceedings{rasmussen2003gaussian,
  title={Gaussian processes in machine learning},
  author={Rasmussen, Carl Edward},
  booktitle={Summer School on Machine Learning},
  pages={63--71},
  year={2003},
  organization={Springer}
}
@article{lee2017deep,
  title={Deep neural networks as gaussian processes},
  author={Lee, Jaehoon and Bahri, Yasaman and Novak, Roman and Schoenholz, Samuel S and Pennington, Jeffrey and Sohl-Dickstein, Jascha},
  journal={arXiv preprint arXiv:1711.00165},
  year={2017}
}

@article{nelder1965simplex,
  title={A simplex method for function minimization},
  author={Nelder, John A and Mead, Roger},
  journal={The computer journal},
  volume={7},
  number={4},
  pages={308--313},
  year={1965},
  publisher={Oxford University Press}
}

@article{jones2001scipy,
  title={SciPy: Open source scientific tools for Python},
  author={Jones, Eric and Oliphant, Travis and Peterson, Pearu},
  year={2001}
}

@article{chollet2018keras,
  title={Keras: The python deep learning library},
  author={Chollet, Fran{\c{c}}ois and others},
  journal={Astrophysics Source Code Library},
  year={2018}
}

@article{kingma2014adam,
  title={Adam: A method for stochastic optimization},
  author={Kingma, Diederik P and Ba, Jimmy},
  journal={arXiv preprint arXiv:1412.6980},
  year={2014}
}

@article{sola1997importance,
  title={Importance of input data normalization for the application of neural networks to complex industrial problems},
  author={Sola, J and Sevilla, Joaquin},
  journal={IEEE Transactions on nuclear science},
  volume={44},
  number={3},
  pages={1464--1468},
  year={1997},
  publisher={IEEE}
}